@misc{testautomation:Online,
author = "Dr. Stephan Weißleder and Richard Seidl",
title = {eBook zum Thema Testautomatisierung},
year = {2017 (Aufrufdatum 30.11.2017)}, 
howpublished = "\url{https://www.testmeisterei.de/wp-content/uploads/2017/01/ebook_Testautomatisierung_SIGS_DATACOM.pdf}"
}

@ARTICLE{gregor_luttuschka, 
author={Gregor Luttuschka}, 
journal="Business Technology Magazin für IT-Leadership und Innovation", 
title={Qualitätsautomaten}, 
year={2012}, 
volume={01/2012}, 
pages={83-88}
}

@BOOK{andreas_spillner_2,
  author    = "Andreas Spillner", 
  title     = {Praxiswissen Softwaretest - Testmanagement (iSQI-Reihe): Aus- und Weiterbildung zum Certified Tester - Advanced Level nach ISTQB-Standard (ISQL-Reihe)},
  publisher = {dpunkt.verlag GmbH},
  year      = {2014},
  edition   = {4},
  note      ={{ISBN:} 978-3864900525},
  ISBN      = {978-3864900525},
}

@BOOK{andreas_spillner_1,
  author    = "Andreas Spillner", 
  title     = {Basiswissen Softwaretest: Aus- und Weiterbildung zum Certified Tester - Foundation Level nach ISTQB-Standard (ISQL-Reihe)},
  publisher = {dpunkt.verlag GmbH},
  year      = {2012},
  edition   = {12},
  note      ={{ISBN:} 978-3864900242},
  ISBN      = {978-3864900242},
}

@BOOK{bucsics_baumgartne_seidl_gwihs,
  author    = {Thomas Bucsics and Manfred Baumgartne and Richard Seidl and Stefan Gwihs}, 
  title     = {Basiswissen Testautomatisierung: Konzepte, Methoden und Techniken},
  publisher = {dpunkt.verlag GmbH},
  year      = {2015},
  edition   = {2},
  note      ={{ISBN:} 978-3864901942},
  ISBN      = {978-3864901942},
}