@misc{testautomation:2017:Online,
author = "Dr. Stephan Weißleder and Richard Seidl",
title = {eBook zum Thema Testautomatisierung},
year = {2017 (Aufrufdatum 30.11.2017)}, 
howpublished = "\url{https://www.testmeisterei.de/wp-content/uploads/2017/01/ebook_Testautomatisierung_SIGS_DATACOM.pdf}"
}

@article{model_based_approach,
      AUTHOR          = {Mark Utting and Alexander Pretschner and Bruno Legeard},
      TITLE           = {A taxonomy of model-based testing approaches},
      JOURNAL         = {STVR, Special Issue: Model based testing. Foundation and Applications of Model Based Testing},
      publisher = {Mark Utting and Alexander Pretschner and Bruno Legeard},
      VOLUME          = {1},
      YEAR            = {2012},
      PAGES           = {6--16}
}

@ARTICLE{gregor_luttuschka, 
author={Gregor Luttuschka}, 
journal="Business Technology Magazin für IT-Leadership und Innovation", 
title={Qualitätsautomaten}, 
year={2012}, 
volume={01/2012}, 
pages={83-88}}

@BOOK{andreas_spillner_2,
  author    = "Andreas Spillner", 
  title     = {Praxiswissen Softwaretest - Testmanagement (iSQI-Reihe): Aus- und Weiterbildung zum Certified Tester - Advanced Level nach ISTQB-Standard (ISQL-Reihe)},
  publisher = {dpunkt.verlag GmbH},
  year      = {2014},
  edition   = {4},
  note      ={{ISBN:} 978-3864900525},
  ISBN      = {978-3864900525},
}

@BOOK{andreas_spillner_1,
  author    = "Andreas Spillner", 
  title     = {Basiswissen Softwaretest: Aus- und Weiterbildung zum Certified Tester - Foundation Level nach ISTQB-Standard (ISQL-Reihe)},
  publisher = {dpunkt.verlag GmbH},
  year      = {2012},
  edition   = {12},
  note      ={{ISBN:} 978-3864900242},
  ISBN      = {978-3864900242},
}


@BOOK{ISOIEC9126,
  title = {ISO/IEC 9126. Software engineering -- Product quality},
  publisher = {ISO/IEC},
  year = {2001},
  author = {ISO/IEC},
  note = {\href{https://www.cse.unsw.edu.au/~cs3710/PMmaterials/Resources/9126-1%20Standard.pdf}{URL: link}}
}

@BOOK{ISOIEC25000,
  title = {ISO/IEC 25000 - software engineering - software product quality
requirements and evaluation (SQuaRE) - guide to SQuaRE},
  publisher = {ISO/IEC},
  year = {2005},
  author = {ISO/IEC},
    note = {\href{http://www.psmsc.com/downloads/twgfeb04/04zubrowiso25000swqualitymeasurement.pdf}{URL: link}}
}

% Bilder

@misc{v-model,
author = {Michael Pätzold and S. Seyfert},
year = {2010},
month = {1},
title = {Stufen des V-Modells},
url = {https://upload.wikimedia.org/wikipedia/commons/thumb/3/3a/V-Modell.svg/2000px-V-Modell.svg.png},
lastchecked = {08.02.2018}
}
@misc{ae_architecture,
author = {Automic-Software-GmbH},
year = {2017},
title = {Architektur eines AE Systems},
url = {https://automic.com},
lastchecked = {12.02.2018}
}
